@misc{MagicMirrorRepo,
  author = {Michael Teeuw},
  title = {MagicMirror$^2$ Github repository},
  url = {https://github.com/MichMich/MagicMirror}
}

@misc{MagicMirrorSite,
  author = {Michael Teeuw},
  title = {MagicMirror$^2$ site},
  url = {https://magicmirror.builders/}
}

@misc{MagicMirrorModules,
  title = {MagicMirror$^2$ modules},
  url = {https://github.com/MichMich/MagicMirror/wiki/3rd-Party-Modules}
}

@misc{Pages,
  author = {Edward Shen},
  title = {MMM-pages},
  url = {https://github.com/edward-shen/MMM-pages}
}

@misc{PageIndicator,
  author = {Edward Shen},
  title = {MMM-page-indicator},
  url = {https://github.com/edward-shen/MMM-page-indicator}
}

@misc{KalliopeModule,
  author = {Nicolas Marcq},
  title = {MMM-kalliope},
  url = {https://github.com/kalliope-project/MMM-kalliope}
}

@misc{KalliopeRepo,
  author = {Nicolas Marcq},
  title = {Kalliope framework},
  url = {https://github.com/kalliope-project/kalliope}
}

@misc{RemoteControl,
  author = {Joseph Bethge},
  title = {MMM-Remote-Control},
  url = {https://github.com/Jopyth/MMM-Remote-Control}
}

@misc{GoogleAssistant,
  author = {Gaurav Singh},
  title = {MMM-GoogleAssistant},
  url = {https://github.com/gauravsacc/MMM-GoogleAssistant}
}

@misc{AlexaAssistant,
  author = {Josef Jantzen},
  title = {MMM-AlexaControl},
  url = {https://github.com/JosefJantzen/MMM-AlexaControl}
}

@misc{AlexaBrokenModule,
  author = {Dolan Miu},
  title = {MMM-awesome-alexa, Alexa integration for MagicMirror$^2$},
  url = {https://github.com/dolanmiu/MMM-awesome-alexa}
}

@misc{Snowboy,
  title = {Snowboy repository},
  url = {https://github.com/Kitt-AI/snowboy}
}

@misc{MycroftSite,
  author = {Joshua Montgomery, Derick Schweppe, Chris Veilleux},
  title = {Mycroft AI Site},
  url = {https://mycroft.ai/}
}

@misc{MycroftRepo,
  author = {Joshua Montgomery, Derick Schweppe, Chris Veilleux},
  title = {Mycroft AI repository},
  url = {https://github.com/MycroftAI/mycroft-core}
}

@misc{,
  author = {},
  title = {},
  url = {}
}